@book{kaner2000testing,
  title={Testing Computer Software Second Edition},
  author={Kaner, Cem and Falk, Jack and Nguyen, Hung Quoc},
  year={2000},
  publisher={Dreamtech Press}
}